\thispagestyle{empty}
\clearpage
\cleardoublepage

@misc{web:test,
	author = "Test",
	title = "TEST",
	howpublished = "\url{http://www.test.com}",
	year = 2012,
	note = "Last visit: 01-02-2012"
	}
