\thispagestyle{empty}
\clearpage
\cleardoublepage

@misc{web:googlecode,
	author = "Google Inc.",
	title = "Google Code",
	howpublished = "\url{http://code.google.com/intl/da-DK/}",
	year = 2012,
	note = "Last visit: 11-05-2012"
	}
	