\thispagestyle{empty}
\clearpage
\cleardoublepage

@misc{web:boardmaker,
	author = "DynaVox Mayer-Johnson",
	title = "Boardmaker Software",
	howpublished = "\url{http://www.mayer-johnson.com/boardmaker-software/}",
	year = 2011,
	note = "Last visit: 03-05-2012"
	}

@misc{web:googlecode,
	author = "Google Inc.",
	title = "Google Code",
	howpublished = "\url{http://code.google.com/intl/da-DK/}",
	year = 2012,
	note = "Last visit: 11-05-2012"
	}
	
@misc{web:android:fragments,
	author = "Google",
	title = "Fragments | Android Developers",
	howpublished = "\url{http://developer.android.com/guide/topics/fundamentals/fragments.html}",
	year = 2012,
	note = "Last visit: 15-05-2012"
	}
	
@misc{web:android:fragments:compatibility,
	author = "Shane Conder and Lauren Darcey",
	title = "Android Compatibility: Working with Fragments",
	howpublished = "\url{http://mobile.tutsplus.com/tutorials/android/android-compatibility-working-with-fragments/}",
	year = 2011,
	note = "Last visit: 15-05-2012"
	}
	
@misc{web:android:fragments:support,
	author = "Tim Bray",
	title = "Fragments For All",
	howpublished = "\url{http://android-developers.blogspot.com/2011/03/fragments-for-all.html}",
	year = 2011,
	note = "Last visit: 15-05-2012"
	}
	