@misc{misc:something,
	title = {},
	author = {},
	howpublished = {},
	year = {},
	note = "",}

@misc{website:ref,
      author = "John",
      title = "site-name",
      month = "November",
      year = 2008,
      url = "www.something.com"

@misc{misc:bookname,
	title = {},
	author = {},
	edition = {},
	note = "",
   howpublished = {},
	year = {},
	month = {},
	pages = {},
	isbn = {},
	publisher = {},}
