@article{studyreg,
	Author = "Aalborg University",
	Note = {Last viewed: 2012-03-15},
	Title = "Studieordning for Bacheloruddannelsen i Software",
	Journal = "URL: \url{http://www.sict.aau.dk/digitalAssets/3/3331_softwbach_sept2009.pdf}"
}

@book{usability:ida,
	Author = "Jesper Kjeldskov, Mikael B. Skov, Jan Stage",
	Note = {Last viewed: 2012-05-24},
	Title = "Instant Data Analysis: Conducting Usability Evaluations in a Day",
	ISBN = "1-58113-857-1"}
	
@book{aip,
	Author = "Charlie Collins, Michael D. Galpin, Matthias Kaeppler",
	Note = {Last viewed: 2012-05-30},
	Title = "Android in Practice",
	ISBN = "1-935182-92-7"}

@Misc{autism.about.com1,
	author = {Lisa Jo Rudy},
	title = {What Are the Different Names for Autism Spectrum Disorders?},
	month = jul,
	year = {2011},
	howpublished = "\url{http://autism.about.com/od/whatisautism/tp/ASDs.htm}"
}

@Misc{autism.about.com2,
	author = {Lisa Jo Rudy},
	title = {Teaching Tips for Children and Adults with Autism},
	month = jun,
	year = {2011},
	howpublished = "\url{http://autism.about.com/od/whatisautism/a/symptoms.htm}"
}

@Misc{definitionOfAutism,
	author = {?},
	title = {Definition Of Autism},
	month = ?,
	year = {?},
	howpublished = "\url{http://www.definitionofautism.com/}"
}

@Misc{autism.com,
	author = {Temple Grandin},
	title = {Teaching Tips for Children and Adults with Autism},
	month = dec,
	year = {2002},
	howpublished = "\url{http://www.autism.com/ind_teaching_tips.asp}"
}

@Misc{SW6Android2012,
	author = {Ulrik Nyman},
	title = {Modulopbygget autismevenlig software til Android tablets og
	telefoner.},
	month = jan,
	year = {2012},
	howpublished = "\url{http://sict.moodle.aau.dk/file.php/628/SW6Android2012.pdf}"
}

@Misc{androidPhilosophy,
author = {Google},
title = {Android Philosophy},
month = mar,
year = {2012},
	howpublished = "\url{http://source.android.com/about/philosophy.html}"
}

@Misc{androidPhilosophy,
	author = {Google},
	title = {Android Philosophy},
	month = mar,
	year = {2012},
	howpublished = "\url{http://source.android.com/about/philosophy.html}"
}

@Misc{androidCommunity,
	author = {Google},
	title = {Android Community},
	month = mar,
	year = {2012},
	howpublished = "\url{http://source.android.com/community/index.html}"
}

@Misc{androidDevelopers,
	author = {Google},
	title = {Android Developer},
	month = mar,
	year = {2012},
	howpublished = "\url{http://developer.android.com/index.html}"
}

@MISC{tablet,
	Author = {Samsung},
	Title = {Samsung Tablet},
	Note = "test \url{http://www.samsung.com/global/microsite/galaxytab/10.1/index.html}"
}

@Misc{android32,
	author = {Google},
	title = {Android 3.2},
	month = mar,
	year = {2012},
	howpublished = "\url{http://developer.android.com/sdk/android-3.2.html}"
}

@Misc{XP,
	Author = {Don Wells},
	Title = {eXtreme Programming},
	Note = "URL: \url{http://www.extremeprogramming.org/rules.html}",
	Year = {2009}}

@Misc{SCRUM,
	author = {Scrum Alliance},
	title = {Scrum Alliance},
	year = {2011},
	howpublished = "\url{http://www.scrumalliance.org/}"
}

@Misc{ScrumOfScrums,
	author = {Scrum Alliance},
	title = {Advice on conducting the scrum of scrums meeting},
	year = {2011},
	howpublished = "\url{http://www.scrumalliance.org/articles/46-advice-on-conducting-the-scrum-of-scrums-meeting}"
}

@Misc{AndroidVersion,
	author = {Android Development Team},
	title = {Android 4.0.3 Platform},
	month = March,
	year = {2012},
	howpublished = "\url{http://developer.android.com/sdk/android-4.0.3.html#relnotes}"
}

@Misc{actionbarguide,
	author = {Android Development Team},
	title = {Android ActionBar Guide},
	month = March,
	year = {2012},
	howpublished = "\url{http://developer.android.com/guide/topics/ui/actionbar.html}"
}

@Misc{fragmentguide,
	author = {Android Development Team},
	title = {Android Fragment Guide},
	month = March,
	year = {2012},
	howpublished = "\url{http://developer.android.com/guide/topics/fundamentals/fragments.html}"
}

@Misc{declayout,
	author = {Android Development Team},
	title = {Android Layout Declaration},
	month = March,
	year = {2012},
	howpublished = "\url{http://developer.android.com/guide/topics/ui/declaring-layout.html}"
}

@Misc{othertypes,
	author = {Android Development Team},
	title  ={Android Type Guide},
	month = {March},
	year = {2012},
	howpublished = "\url{http://developer.android.com/guide/topics/resources/more-resources.html}"
	}

@article{AndroidActivity,
	Author = "Android Development Team",
	Note = {Last viewed: May 2012},
	Title = "Activity | Android Developer",
	Journal = "\url{http://developer.android.com/reference/android/app/Activity.html}"
	}
	
@article{LastYearsArchitecture,
	Author = "Jacob Bang, Lasse Linnerup Christiansen, Steffan Bo Pallesen",
	Note = {Last viewed: May 2012},
	Title = "Administration Module for GIRAF",
	Journal = "\url{http://people.cs.aau.dk/~ulrik/Giraf/Admin.pdf}"}

@Misc{ambilw,
	author = {Yuku Sugianto},
	title  ={AmbilWarna},
	Note = {Last viewed: 2-6-2012},
	year = {2011},
	howpublished = "\url{http://code.google.com/p/android-color-picker/}",
	Journal = "\url{http://code.google.com/p/yuku-android-util/}"
}

@Misc{gridview,
	author = {},
	title  ={Hello Gridview},
	year = {},
	howpublished = "\url{http://developer.android.com/resources/tutorials/views/hello-gridview.html}"
}

@book{softtest,
	Author = "Ron Patton",
	Title = "Software Testing",
	ISBN = "0-672-32798-8"
	}
@article{digipecs,
	Author = "Jacob Bang, Lasse Linnerup Christiansen, Steffan Bo Pallesen",
	Note = {Last viewed: May 2012},
	Title = "Administration Module for GIRAF",
	Journal = "\url{http://people.cs.aau.dk/~ulrik/Giraf/DigiPECS.pdf}"}


@Misc{androidlife,
	author = {Android Development Team},
	title  ={Activity Life Cycle},
	year = {2012},
	howpublished = "\url{http://developer.android.com/guide/topics/fundamentals/activities.html}"
}

@Misc{,
	author = {},
	title  ={},
	year = {},
	howpublished = "\url{}"
}
