% This file was created with JabRef 2.6.
% Encoding: Cp1252

@ARTICLE{android:intent,
  author = {{A}ndroid, {G}oogle},
  title = {{I}ntent},
  year={API Level 1},
	web={http://developer.android.com/reference/android/content/Intent.html}
}

@BOOK{microsoft:usability,
  author = {{M}icrosoft {C}orporation},
  title = {{T}he Role of Usability Research in Designing Children's Computer Products},
  year={1998},
	month = {August},
	web={http://developer.android.com/reference/android/content/Intent.html},
	ISBN={978-1558605077}
}

@BOOK{dieb-book,
  author = {{D}avid {B}enyon},
  title = {{D}esigning Interactive Systems},
	edition = {Second},
  year={2010},
	ISBN={978-0-321-43533-0}
}