@article{studyreg,
	Author = "Aalborg University",
	Note = {Last viewed: 2012-03-15},
	Title = "Studieordning for Bacheloruddannelsen i Software",
	Journal = "URL: \url{http://www.sict.aau.dk/digitalAssets/3/3331_softwbach_sept2009.pdf}"
}

@article{road_train,
	Author = "Josie Garthwaite",
	Note = {Last viewed: 2011-12-07},
	Title = "EU to Trial ``Road Train'' Tech: Sensor-Enabled Automated Driving (Whoa!)",
	Journal = "URL: \url{http://gigaom.com/cleantech/eu-to-trial-road-train-tech-sensor-enabled-automated-driving-whoa/}",
	Year = "2009"
}

@article{ir_documentation,
	Author = "HiTechnic",
	Note = {Last viewed: 2011-12-07},
	Title = "HiTechnic NXT IRSeeker V2 Sensor for LEGO Mindstorms NXT",
	Journal = "URL: \url{http://www.hitechnic.com/cgi-bin/commerce.cgi?preadd=action&key=NSK1042}",
	Year = "2001-2009"
}
@article{implementationtest1,
	Author = "Bjarke H. S\o{}ndergaard \& Magnus S. Reichenauer",
	Note = {Last viewed: 2011-12-14},
	Title = "Implementation test 1 - Straight Line",
	Journal = "URL: \url{http://vimeo.com/33650512}",
	Year = "2011"
}
@article{implementationtest2,
	Author = "Bjarke H. S\o{}ndergaard \& Magnus S. Reichenauer",
	Note = {Last viewed: 2011-12-14},
	Title = "Implementation test 2 - Turning",
	Journal = "URL: \url{http://vimeo.com/33650323}",
	Year = "2011"
}
@article{implementationtest3,
	Author = "Anders Eiler \& Thomas Panum",
	Note = {Last viewed: 2011-12-14},
	Title = "Implementation test 3 - Detection and general following",
	Journal = "URL: \url{http://vimeo.com/33340172}",
	Year = "2011"
}
@article{implementationtest4,
	Author = "Anders Eiler \& Thomas Panum",
	Note = {Last viewed: 2011-12-14},
	Title = "Implementation test 4 - Stop test while driwing",
	Journal = "URL: \url{http://vimeo.com/33340466}",
	Year = "2011"
}
@article{MMonster,
	Author = "Marco Monster",
	Note = {Last viewed: 2011-12-07},
	Title = "Car Physics for Games ",
	Journal = "URL: \url{http://regedit.i365.pl/Mirror/Car%20Physics%20for%20Games/Car%20Physics%20for%20Games.html}",
	Year = "2000-2003"
}

@article{hiller98,
	Author = "Martin Hiller",
	Note = {Last viewed: 2011-12-07},
	Title = "Software Fault-Tolerance Techniques from a Real-Time Systems Point of View - an overview",
	Journal = "URL: \url{https://www.cs.drexel.edu/~bmitchel/course/cs575/ClassPapers/hiller98software.pdf}",
	Year = "1998"
}
@article{redell,
	Author = "Ola Redell and Martin Sanfridson",
	Note = {Last viewed: 2011-12-07},
	Title = "Exact Best-Case Response Time Analysis of Fixed Priority Scheduled Tasks",
	Journal = "URL: \url{http://www.artes.uu.se/events/gsconf02/papers/redell.pdf}",
	Year = "2002"
}
@article{byzantine,
	Author = "Wikipedia",
	Note = {Last viewed: 2011-12-07},
	Title = "Byzantine fault tolerance",
	Journal = "URL: \url{http://en.wikipedia.org/wiki/Byzantine_fault_tolerance}",
	Year = "2011"
}
@article{lejos_docs,
	Author = "leJOS",
	Title = "leJOS Documentation",
	Note = {Last viewed: 2011-12-07},
	Journal = "URL: \url{http://lejos.sourceforge.net/}",
	Year = "1997-2009"
}
@article{nxtosek_rms,
	Author = "nxtOSEK",
	Note = {Last viewed: 2011-12-07},
	Title = "nxtOSEK Rate Monotonic Scheduling",
	Journal = "URL: \url{http://lejos-osek.sourceforge.net/rms.htm}",
	Year = "2007-2010"
}
@article{nxtosek_eds,
	Author = "nxtOSEK",
	Title = "nxtOSEK Event Driven Scheduling",
	Note = {Last viewed: 2011-12-07},
	Journal = "URL: \url{http://lejos-osek.sourceforge.net/eds.htm}",
	Year = "2011"
}

@article{TSWlec4,
	Author = "Ren\'e Rydhof Hansen",
	Title = "Real-Time Software - Basic Scheduling",
	Journal = "URL: \url{https://intranet.cs.aau.dk/uploads/media/lecture04_01.pdf}",
	Year = "2009"
}
@article{mythbusters_air_resistance,
	Author = "Mythbusters, air resistance",
	Note = {Last viewed: 2011-12-07},
	Title = "Mythbusters prove air resistance when following a big truck",
	Journal = "URL: \url{http://green.autoblog.com/2007/10/28/mythbusters-drafting-10-feet-behind-a-big-rig-will-improve-mile/}",
	Year = "2007"
}
@article{OSEK_specs,
	Author = "OSEK",
	Note = {Last viewed: 2011-12-07},
	Title = "OSEK/VDX Operating System Specification 2.2.3",
	Journal = "URL: \url{http://portal.osek-vdx.org/files/pdf/specs/os223.pdf}",
	Year = "2005"
}
@article{trackerapp,
	Author = "Open Source Physics",
	Note = {Last viewed: 2011-12-07},
	Title = "Tracker - Video Analysis and Modeling Tool",
	Journal = "URL: \url{http://www.cabrillo.edu/~dbrown/tracker/}",
	Year = "2012"
}
@article{toppers_api,
	Author = "TOPPERS",
	Note = {Last viewed: 2011-12-07},
	Title = "TOPPERS ATK1 API",
	Journal = "URL: \url{http://lejos-osek.sourceforge.net/ecrobot_c_api.htm}",
	Year = "2011"
}
@article{divya,
	Author = "Divya Kumari Prasad",
	Note = {Last viewed: 2011-12-12},
	Title = "Dependable Systems Integration using Measurement Theory and Decision Analysis",
	Journal = "URL: \url{http://www-users.cselabs.umn.edu/classes/Spring-2009/csci5980-med/YCST-99-02.pdf}",
	Year = "1998"
}
@book{TSW,
	Author = "Alan Burns \& Andy Wellings",
	Title = "Real-Time Systems and Programming Languages",
	Publisher = "Addison Wesley",
	Year = "2009",
	Edition = "4th,",
	Isbn = "978-0-321-41745-9"
}

@book{LegoCar,
	Author = "HiTechnic",
	Title = "HiTechnic IR RC Car",
	Publisher = "HiTechnic",
	Year = "2009"
}

@book{Randel,
	Author = "Brian Randel \& Jean-Claude Laprie \& Hermann Kopetz \& Bev Littlewood",
	Title = "Predictably Dependable Computing Systems",
	Publisher = "Springer",
	Year = "1995",
	Edition = "1st,",
	Isbn = "978-3540593348"
}

@book{Young,
	Author = "Stephen J. Young",
	Title = "Real Time Languages, Design and Development",
	Publisher = "Ellis Horwood",
	Year = "1982",
	Edition = "1st,",
	Isbn = "978-0470273432"
}