@misc{wikiTD,
  author = {Wikipedia the free encyclopedia},
  title = {{Tower defence}},
  howpublished = {\url{http://en.wikipedia.org/wiki/Tower_defense}},
  year = {26. September 2011 at 16:24},
  note = "[Online; accessed 28-Sep-2011]"
 }
 
 @misc{volatileStuff,
  author = {javamex.com},
  title = {{The volatile keyword in Java}},
  howpublished = {\url{http://www.javamex.com/tutorials/synchronization_volatile.shtml}},
  year = {26. September 2011 at 16:24},
  note = "[Online; accessed 14-Dec-2011]"
 }
 
 

 
@misc{toppers,
  author = {TOPPERS Project},
  title = {{TOPPERS Project}},
  howpublished = {\url{http://www.toppers.jp/en/index.html}},
  year = {8. August 2011 at 11:50:46},
  note = "[Online; accessed 19-Oct-2011]"
}
 
@misc{nxtosek,
  author = {Takashi Chikamasa},
  title = {{nxtOSEK}},
  howpublished = {\url{http://lejos-osek.sourceforge.net/}},
  year = {18. May 2011 at 02:57:53},
  note = "[Online; accessed 19-Oct-2011]"
}
 
@misc{leJOSnxj,
  author = {leJos},
  title = {{leJOS, Java for Lego Mindstorms}},
  howpublished = {\url{http://lejos.sourceforge.net/index.php}},
  note = "[Online; accessed 19-Oct-2011]"
}
 
@book{TSW,
author = "Alan Burns and Andy Welling",
title = {Real-Time Systems and Programming Languages},
publisher = {Addison Wesley},
year = {2009},
edition = {4th},
ISBN = {0978-0-321-41745-9}
} 
@misc{ColorSensorLink,
  author = {philohome.com},
  title = {{Color Sensors Showdown}},
  howpublished = {\url{http://www.philohome.com/colcomp/cc.htm}},
  note = "[Online; accessed 17-Oct-2011]"
 }
 
 @misc{hitechnic,
  author = {hitechnic.com},
  title = {{HiTechnic NXT Color Sensor Version 2 for LEGO MINDSTORMS NXT}},
  howpublished = {\url{http://www.hitechnic.com/cgi-bin/commerce.cgi?preadd=action&key=NCO1038}},
  note = "[Online; accessed 19-Oct-2011]"
 }
 
  @misc{blognxt,
  author = {http://mindstormsnxt.blogspot.com/},
  title = {{A Closer Look at the NXT Motors}},
  howpublished = {\url{http://mindstormsnxt.blogspot.com/2006/08/closer-look-at-nxt-motors.html}},
  note = "[Online; accessed 19-Oct-2011]"
 }
 
@misc{philohomemotor,
  author = {philohome.com},
  title = {{NXT® motor internals}},
  howpublished = {\url{http://www.philohome.com/nxtmotor/nxtmotor.htm}},
  note = "[Online; accessed 19-Oct-2011]"
 }

@misc{smallinfomotor,
  author = {http://educationuk.lego.com},
  title = {{9842 Interactive Servo Motor}},
  howpublished = {\url{http://shop.lego.com/en-US/Interactive-Servo-Motor-9842}},
  note = "[Online; accessed 19-Oct-2011]"
 }
 
@misc{nxtuserguide,
	author = {LEGO},
	title = {LEGO Mindstorms Education},
	howpublished = {\url{http://cache.lego.com/downloads/education/9797_LME_UserGuide_US_low.pdf}},
	note = "[Online, accessed 19-Oct-2011]"
 }

@misc{SumoMS,
	  author = {www.mindsensors.com},
	  title = {NXTSumoEyes specs},
	  howpublished = {\url{http://www.mindsensors.com/index.php?module=pagemaster&PAGE_user_op=view_page&PAGE_id=75}},
	  note = "[Online, accessed 19-Oct-2011]"
}

@misc{SumoJava,
      author = {www.mindsensors.com},
      title = {SumoEyesSensor.java},
      howpublished = {\url{http://www.mindsensors.com/index.php?module=documents&JAS_DocumentManager_op=viewDocument&JAS_Document_id=160}},
      note = "[Online and Downloaded, 20-Oct-2011]"
}

@misc{USSwiki,
	author = {www.sensorwiki.org},
	title = {Ultrasound},
	howpublished = {\url{http://www.sensorwiki.org/doku.php/sensors/ultrasound?s[]=ultrasonic}},
	note = "[Online and accessed, 27-Oct-2011]"
}
	
	
	@misc{compassLink,
	author = {hitechnic.com},
	title = {HiTechnic Products},
	howpublished = {\url{http://www.hitechnic.com/cgi-bin/commerce.cgi?preadd=action\&key=NMC1034}},
	note = "[Online and accessed, 11-Nov-2011]"
	}
	
		@misc{compassAPI,
	author = {lejos.sourceforge.net},
	title = {CompassSensor (leJOS NXT API documentation)},
	howpublished = {\url{http://lejos.sourceforge.net/p_technologies/nxt/nxj/api/lejos/nxt/CompassSensor.html}},
	note = "[Online and accessed, 11-Nov-2011]"
	}
	
	@misc{LegoRef,
	author = {LEGO},
	title = {LEGO.com  MINDSTORMS : What is in the box?},
	howpublished = {\url{http://mindstorms.lego.com/en-gb/history/default.aspx}},
	note = "[Online and accessed, 15-Nov-2011]"
	}
	
		@misc{MotorBilleder,
	author = {philohome.com},
	title = {LEGO 9V Technic Motors compared characteristics},
	howpublished = {\url{http://www.philohome.com/motors/motorcomp.htm}},
	note = "[Online and accessed, 15-Nov-2011]"
	}
	
	@misc{wikiNxtRelease,
	author = {Wikipeida},
	title = {Lego Mindstorms NXT},
	howpublished = {\url{http://en.wikipedia.org/wiki/Lego_Mindstorms_NXT}},
	note = "[Online and accessed, 15-Nov-2011]"
	}
	
		@misc{touchsens,
	author = {LEGO},
	title = {Lego Mindstorms Touch sensor},
	howpublished = {\url{http://shop.lego.com/en-US/Touch-Sensor-9843}},
	note = "[Online and accessed, 22-Nov-2011]"
	}

	@misc{newtonslaw,
	author = {Wikipeida},
	title = {Newton's law of motion},
	howpublished = {\url{http://en.wikipedia.org/wiki/Newton\%27s_laws_of_motion#Newton.27s_second_law}},
	note = "[Online and accessed, 24-Nov-2011]"
	}	
	
		@misc{lejosrt,
	author = {LeJosRT},
	title = {Welcome to the LeJosRT Home! | LeJosRT},
	howpublished = {\url{http://www.lejosrt.org/}},
	note = "[Online and accessed, 06-Dec-2011]"
	}	
		@misc{nxtosekrms,
	author = {Takashi Chikamasa},
	title = {nxtOSEK: Rate Monotonic Scheduling},
	howpublished = {\url{http://lejos-osek.sourceforge.net/rms.htm}},
	note = "[Online and accessed, 06-Dec-2011]"
	}	
		@manual{oil,
	title = {Open Systems and the Corresponding Interfaces for Automotive Electronics},
	organization = {OSEK / VDX},
	month = {July},
	year = {2004},
	note = "Version 2.5"
	}
	@misc{sporadic,
	author = {Département Informatique et Réseaux - Network and Computer Science Department [INFRES]},
	title = {18 -- Rate Monotonic Manager},
	howpublished = {\url{http://www.infres.enst.fr/~domas/astre/rtmon.html}},
	note = "[Online and accessed, 08-Dec-2011]"
	}
	@article{rtarene,
	author = {René Rydhof Hansen},
	title = {Response Time Analysis for Arbitrary Deadlines},
        journal = {Execise sheet for TSW fall 2011},
        month = {November},
        year = {2011}
	}