@article{studyreg,
	Author = "Aalborg University",
	Note = {Last viewed: 2012-03-15},
	Title = "Studieordning for Bacheloruddannelsen i Software",
	Journal = "URL: \url{http://www.sict.aau.dk/digitalAssets/3/3331_softwbach_sept2009.pdf}"
}

@ONLINE{autism.about.com1,
author = {Lisa Jo Rudy},
title = {What Are the Different Names for Autism Spectrum Disorders?},
month = jul,
year = {2011},
url = {http://autism.about.com/od/whatisautism/tp/ASDs.htm}
}

@ONLINE{autism.about.com2,
author = {Lisa Jo Rudy},
title = {Teaching Tips for Children and Adults with Autism},
month = jun,
year = {2011},
url = {http://autism.about.com/od/whatisautism/a/symptoms.htm}
}

@ONLINE{definitionOfAutism,
author = {?},
title = {Definition Of Autism},
month = ?,
year = {?},
url = {http://www.definitionofautism.com/}
}

@ONLINE{autism.com,
author = {Temple Grandin},
title = {Teaching Tips for Children and Adults with Autism},
month = dec,
year = {2002},
url = {http://www.autism.com/ind_teaching_tips.asp}
}

@ONLINE{SW6Android2012,
author = {Ulrik Nyman},
title = {Modulopbygget autismevenlig software til Android tablets og
telefoner.},
month = jan,
year = {2012},
url = {http://sict.moodle.aau.dk/file.php/628/SW6Android2012.pdf}
}

@ONLINE{androidPhilosophy,
author = {Google},
title = {Android Philosophy},
month = mar,
year = {2012},
url = {http://source.android.com/about/philosophy.html}
}

@ONLINE{androidCommunity,
author = {Google},
title = {Android Community},
month = mar,
year = {2012},
url = {http://source.android.com/community/index.html}
}

@ONLINE{androidDevelopers,
author = {Google},
title = {Android Developer},
month = mar,
year = {2012},
url = {http://developer.android.com/index.html}
}

@ONLINE{tablet,
author = {Samsung},
title = {Samsung Tablet},
url = {http://www.samsung.com/global/microsite/galaxytab/10.1/index.html}
}

@ONLINE{android32,
author = {Google},
title = {Android 3.2},
month = mar,
year = {2012},
url = {http://developer.android.com/sdk/android-3.2.html}
}

@ONLINE{XP,
author = {Don Wells},
title = {eXtreme Programming},
year = {2009},
url = {http://www.extremeprogramming.org/rules.html}
}

@ONLINE{SCRUM,
author = {Scrum Alliance},
title = {Scrum Alliance},
year = {2011},
url = {http://www.scrumalliance.org/}
}

@ONLINE{strategyanalytics,
author = {Strategy Analytics},
title = {Global Tablet Shipments Q4 2011},
year = {2012},
url = {http://www.strategyanalytics.com/default.aspx?mod=pressreleaseviewer&a0=5167}
}

@ONLINE{developApple,
author = {Apple Computers},
title = {Developer},
year = {2012},
url = {https://developer.apple.com/}
}

@ONLINE{htcflyer,
author = {HTC},
title = {HTC Flyer Tablet},
year = {2012},
url = {http://www.htc.com/dk/tablets/htc-flyer/}http://www.samsung.com/dk/consumer/mobile/mobilephones/galaxy-tab
}

@ONLINE{galaxytabs,
author = {Samsung},
title = {Samsung Galaxy Tabs},
year = {2012},
url = {http://www.samsung.com/dk/consumer/mobile/mobilephones/galaxy-tab}
}

@ONLINE{mediontablet,
author = {Medion},
title = {Medion Tablet},
year = {2012},
url = {http://www.medion.com/dk/electronics/prod/MEDION%C2%AE+LifeTab%C2%AE+P9514+10%22+Tablet/30014007A1?category=tablet_27}
}